%! Author = joaopintosp
%! Date = 19/09/24

